@article{Aaboud:2016ffv,
      author         = "Aaboud, Morad and others",
      title          = "{Measurement of $W^{\pm}W^{\pm}$ vector-boson scattering 
                        and limits on anomalous quartic gauge couplings with the 
                        ATLAS detector}",
      collaboration  = "ATLAS",
      journal        = "Phys. Rev.",
      volume         = "D96",
      year           = "2017",
      pages          = "012007",
      doi            = "10.1103/PhysRevD.96.012007",
      eprint         = "1611.02428",
      archivePrefix  = "arXiv",
      primaryClass   = "hep-ex",
      reportNumber   = "CERN-EP-2016-167",
      SLACcitation   = "%%CITATION = ARXIV:1611.02428;%%"
}

@inproceedings{Badger:2016bpw,
      author         = "Andersen, J. R. and others",
      title          = "{Les Houches 2015: Physics at TeV Colliders Standard
                        Model Working Group Report}",
      booktitle      = "{9th Les Houches Workshop on Physics at TeV Colliders
                        (PhysTeV 2015) Les Houches, France, June 1-19, 2015}",
      url            = "http://lss.fnal.gov/archive/2016/conf/fermilab-conf-16-175-ppd-t.pdf",
      year           = "2016",
      eprint         = "1605.04692",
      archivePrefix  = "arXiv",
      primaryClass   = "hep-ph",
      reportNumber   = "FERMILAB-CONF-16-175-PPD-T",
      SLACcitation   = "%%CITATION = ARXIV:1605.04692;%%"
}

@article{Belanger:2014vza,
      author         = "B\'elanger, G. and Boudjema, F. and Pukhov, A. and
                        Semenov, A.",
      title          = "{micrOMEGAs4.1: two dark matter candidates}",
      journal        = "Comput. Phys. Commun.",
      volume         = "192",
      year           = "2015",
      pages          = "322-329",
      doi            = "10.1016/j.cpc.2015.03.003",
      eprint         = "1407.6129",
      archivePrefix  = "arXiv",
      primaryClass   = "hep-ph",
      SLACcitation   = "%%CITATION = ARXIV:1407.6129;%%"
}

@article{'tHooft:1972fi,
      author         = "'t Hooft, Gerard and Veltman, M. J. G.",
      title          = "{Regularization and Renormalization of Gauge Fields}",
      journal        = "Nucl. Phys.",
      volume         = "B44",
      year           = "1972",
      pages          = "189-213",
      doi            = "10.1016/0550-3213(72)90279-9",
      SLACcitation   = "%%CITATION = NUPHA,B44,189;%%"
}





